@ARTICLE{2010Natur.466..463C,
   author = {{Chang}, T.-C. and {Pen}, U.-L. and {Bandura}, K. and {Peterson}, J.~B.
    },
    title = "{An intensity map of hydrogen 21-cm emission at redshift z\~{}0.8}",
  journal = {\nat},
     year = 2010,
    month = jul,
   volume = 466,
    pages = {463-465},
      doi = {10.1038/nature09187},
   adsurl = {http://adsabs.harvard.edu/abs/2010Natur.466..463C},
  adsnote = {Provided by the SAO/NASA Astrophysics Data System}
}

@ARTICLE{2016MNRAS.457.3541C,
   author = {{Croft}, R.~A.~C. and {Miralda-Escud{\'e}}, J. and {Zheng}, Z. and 
    {Bolton}, A. and {Dawson}, K.~S. and {Peterson}, J.~B. and {York}, D.~G. and 
    {Eisenstein}, D. and {Brinkmann}, J. and {Brownstein}, J. and 
    {Cen}, R. and {Delubac}, T. and {Font-Ribera}, A. and {Hamilton}, J.-C. and 
    {Lee}, K.-G. and {Myers}, A. and {Palanque-Delabrouille}, N. and 
    {P{\^a}ris}, I. and {Petitjean}, P. and {Pieri}, M.~M. and {Ross}, N.~P. and 
    {Rossi}, G. and {Schlegel}, D.~J. and {Schneider}, D.~P. and 
    {Slosar}, A. and {Vazquez}, J. and {Viel}, M. and {Weinberg}, D.~H. and 
    {Y{\`e}che}, C.},
    title = "{Large-scale clustering of Lyman {$\alpha$} emission intensity from SDSS/BOSS}",
  journal = {\mnras},
archivePrefix = "arXiv",
   eprint = {1504.04088},
 keywords = {cosmology: observations},
     year = 2016,
    month = apr,
   volume = 457,
    pages = {3541-3572},
      doi = {10.1093/mnras/stw204},
   adsurl = {http://adsabs.harvard.edu/abs/2016MNRAS.457.3541C},
  adsnote = {Provided by the SAO/NASA Astrophysics Data System}
}

@ARTICLE{2018MNRAS.478.1911P,
   author = {{Pullen}, A.~R. and {Serra}, P. and {Chang}, T.-C. and {Dor{\'e}}, O. and 
    {Ho}, S.},
    title = "{Search for C II emission on cosmological scales at redshift Z {\tilde} 2.6}",
  journal = {\mnras},
archivePrefix = "arXiv",
   eprint = {1707.06172},
 keywords = {ISM: molecules, galaxies: high-redshift, large-scale structure of the universe, cosmology: observations, cosmology: theory, submillimeter: ISM},
     year = 2018,
    month = aug,
   volume = 478,
    pages = {1911-1924},
      doi = {10.1093/mnras/sty1243},
   adsurl = {http://adsabs.harvard.edu/abs/2018MNRAS.478.1911P},
  adsnote = {Provided by the SAO/NASA Astrophysics Data System}
}

@ARTICLE{2007ApJ...660.1030F,
   author = {{Furlanetto}, S.~R. and {Lidz}, A.},
    title = "{The Cross-Correlation of High-Redshift 21 cm and Galaxy Surveys}",
  journal = {\apj},
   eprint = {astro-ph/0611274},
 keywords = {Cosmology: Theory, Galaxies: High-Redshift, Galaxies: Intergalactic Medium},
     year = 2007,
    month = may,
   volume = 660,
    pages = {1030-1038},
      doi = {10.1086/513009},
   adsurl = {http://adsabs.harvard.edu/abs/2007ApJ...660.1030F},
  adsnote = {Provided by the SAO/NASA Astrophysics Data System}
}

@ARTICLE{2018MNRAS.481.1320C,
   author = {{Croft}, R.~A.~C. and {Miralda-Escud{\'e}}, J. and {Zheng}, Z. and 
    {Blomqvist}, M. and {Pieri}, M.},
    title = "{Intensity mapping with SDSS/BOSS Lyman-{$\alpha$} emission, quasars, and their Lyman-{$\alpha$} forest}",
  journal = {\mnras},
archivePrefix = "arXiv",
   eprint = {1806.06050},
 keywords = {Cosmology: observations},
     year = 2018,
    month = nov,
   volume = 481,
    pages = {1320-1336},
      doi = {10.1093/mnras/sty2302},
   adsurl = {http://adsabs.harvard.edu/abs/2018MNRAS.481.1320C},
  adsnote = {Provided by the SAO/NASA Astrophysics Data System}
}

@ARTICLE{2016ApJ...825..143L,
   author = {{Lidz}, A. and {Taylor}, J.},
    title = "{On Removing Interloper Contamination from Intensity Mapping Power Spectrum Measurements}",
  journal = {\apj},
archivePrefix = "arXiv",
   eprint = {1604.05737},
 keywords = {cosmology: theory, dark ages, reionization, first stars, intergalactic medium, large-scale structure of universe},
     year = 2016,
    month = jul,
   volume = 825,
      eid = {143},
    pages = {143},
      doi = {10.3847/0004-637X/825/2/143},
   adsurl = {http://adsabs.harvard.edu/abs/2016ApJ...825..143L},
  adsnote = {Provided by the SAO/NASA Astrophysics Data System}
}

@ARTICLE{2016ApJ...832..165C,
   author = {{Cheng}, Y.-T. and {Chang}, T.-C. and {Bock}, J. and {Bradford}, C.~M. and 
    {Cooray}, A.},
    title = "{Spectral Line De-confusion in an Intensity Mapping Survey}",
  journal = {\apj},
archivePrefix = "arXiv",
   eprint = {1604.07833},
 keywords = {cosmology: observations, cosmology: theory, dark ages, reionization, first stars, large-scale structure of universe},
     year = 2016,
    month = dec,
   volume = 832,
      eid = {165},
    pages = {165},
      doi = {10.3847/0004-637X/832/2/165},
   adsurl = {http://adsabs.harvard.edu/abs/2016ApJ...832..165C},
  adsnote = {Provided by the SAO/NASA Astrophysics Data System}
}

@ARTICLE{2010JCAP...11..016V,
   author = {{Visbal}, E. and {Loeb}, A.},
    title = "{Measuring the 3D clustering of undetected galaxies through cross correlation of their cumulative flux fluctuations from multiple spectral lines}",
  journal = {\jcap},
archivePrefix = "arXiv",
   eprint = {1008.3178},
     year = 2010,
    month = nov,
   volume = 11,
      eid = {016},
    pages = {016},
      doi = {10.1088/1475-7516/2010/11/016},
   adsurl = {http://adsabs.harvard.edu/abs/2010JCAP...11..016V},
  adsnote = {Provided by the SAO/NASA Astrophysics Data System}
}

@ARTICLE{2018arXiv181110609B,
   author = {{Beane}, A. and {Villaescusa-Navarro}, F. and {Lidz}, A.},
    title = "{Measuring the EoR Power Spectrum Without Measuring the EoR Power Spectrum}",
  journal = {arXiv e-prints},
archivePrefix = "arXiv",
   eprint = {1811.10609},
 keywords = {Astrophysics - Cosmology and Nongalactic Astrophysics},
     year = 2018,
    month = nov,
   adsurl = {http://adsabs.harvard.edu/abs/2018arXiv181110609B},
  adsnote = {Provided by the SAO/NASA Astrophysics Data System}
}

@ARTICLE{2018ApJ...867...26B,
   author = {{Beane}, A. and {Lidz}, A.},
    title = "{Extracting Bias Using the Cross-bispectrum: An EoR and 21 cm{\ndash}[C II]{\ndash}[C II] Case Study}",
  journal = {\apj},
archivePrefix = "arXiv",
   eprint = {1806.02796},
 keywords = {cosmology: theory, dark ages, reionization, first stars, intergalactic medium, large-scale structure of universe },
     year = 2018,
    month = nov,
   volume = 867,
      eid = {26},
    pages = {26},
      doi = {10.3847/1538-4357/aae388},
   adsurl = {http://adsabs.harvard.edu/abs/2018ApJ...867...26B},
  adsnote = {Provided by the SAO/NASA Astrophysics Data System}
}

@ARTICLE{2015JCAP...03..034V,
   author = {{Villaescusa-Navarro}, F. and {Viel}, M. and {Alonso}, D. and 
    {Datta}, K.~K. and {Bull}, P. and {Santos}, M.~G.},
    title = "{Cross-correlating 21cm intensity maps with Lyman Break Galaxies in the post-reionization era}",
  journal = {\jcap},
archivePrefix = "arXiv",
   eprint = {1410.7393},
     year = 2015,
    month = mar,
   volume = 3,
      eid = {034},
    pages = {034},
      doi = {10.1088/1475-7516/2015/03/034},
   adsurl = {http://adsabs.harvard.edu/abs/2015JCAP...03..034V},
  adsnote = {Provided by the SAO/NASA Astrophysics Data System}
}

@ARTICLE{2011ApJ...741...70L,
   author = {{Lidz}, A. and {Furlanetto}, S.~R. and {Oh}, S.~P. and {Aguirre}, J. and 
    {Chang}, T.-C. and {Dor{\'e}}, O. and {Pritchard}, J.~R.},
    title = "{Intensity Mapping with Carbon Monoxide Emission Lines and the Redshifted 21 cm Line}",
  journal = {\apj},
archivePrefix = "arXiv",
   eprint = {1104.4800},
 keywords = {cosmology: theory, intergalactic medium, large-scale structure of universe},
     year = 2011,
    month = nov,
   volume = 741,
      eid = {70},
    pages = {70},
      doi = {10.1088/0004-637X/741/2/70},
   adsurl = {http://adsabs.harvard.edu/abs/2011ApJ...741...70L},
  adsnote = {Provided by the SAO/NASA Astrophysics Data System}
}

@ARTICLE{2013ApJ...768...15P,
   author = {{Pullen}, A.~R. and {Chang}, T.-C. and {Dor{\'e}}, O. and {Lidz}, A.
    },
    title = "{Cross-correlations as a Cosmological Carbon Monoxide Detector}",
  journal = {\apj},
archivePrefix = "arXiv",
   eprint = {1211.1397},
 primaryClass = "astro-ph.CO",
 keywords = {cosmology: observations, diffuse radiation, intergalactic medium, large-scale structure of universe },
     year = 2013,
    month = may,
   volume = 768,
      eid = {15},
    pages = {15},
      doi = {10.1088/0004-637X/768/1/15},
   adsurl = {http://adsabs.harvard.edu/abs/2013ApJ...768...15P},
  adsnote = {Provided by the SAO/NASA Astrophysics Data System}
}
